



@manual{ AutoDoc,
  author =           {Gutsche, S. and Horn, M.},
  title =            {{AutoDoc  \texttt{\symbol{45}}  Generate documentation
                      from GAP source code (Version 2016.12.04)}},
  year =             {2016},
  note =             {GAP                   package,                   \href
                      {https://github.com/gap-packages/AutoDoc}
                      {\texttt{https://github.com/}\discretionary
                      {}{}{}\texttt{gap\texttt{\symbol{45}}packages/}\discretionary
                      {}{}{}\texttt{AutoDoc}}},
  printedkey =       {GH16}
}
@manual{ GAPDoc,
  author =           {L{\"u}beck, F. and Neunh{\"o}ffer, M.},
  title =            {{GAPDoc (Version 1.6)}},
  organization =     {RWTH Aachen},
  year =             {2017},
  note =             {GAP                   package,                   \href
                      {https://www.math.rwth-aachen.de/~Frank.Luebeck/GAPDoc/index.html}
                      {\texttt{https://www.math.rwth\texttt{\symbol{45}}aachen.de/}\discretionary
                      {}{}{}\texttt{\texttt{\symbol{126}}Frank.Luebeck/}\discretionary
                      {}{}{}\texttt{GAPDoc/}\discretionary
                      {}{}{}\texttt{index.html}}},
  printedkey =       {LN17}
}
@manual{ GitHubPagesForGAP,
  author =           {Horn, M.},
  title =            {{GitHubPagesForGAP  \texttt{\symbol{45}}  Template for
                      easily using GitHub Pages within GAP packages (Version
                      0.2)}},
  year =             {2017},
  note =             {GAP                   package,                   \href
                      {https://gap-system.github.io/GitHubPagesForGAP/}
                      {\texttt{https://gap\texttt{\symbol{45}}system.github.io/}\discretionary
                      {}{}{}\texttt{GitHubPagesForGAP/}}},
  printedkey =       {Hor17}
}
@misc{ GBNP1.0.5,
  author =           {Cohen, A. and Knopper, J.},
  title =            {{GBNP},  computing Gr{\"o}bner bases of noncommutative
                      polynomials, {V}ersion 1.0.5},
  year =             {2022},
  note =             {Refereed GAP package},
  howpublished =     {\href           {https://gap-packages.github.io/gbnp/}
                      {\texttt{https://gap\texttt{\symbol{45}}packages.github.io/}\discretionary
                      {}{}{}\texttt{gbnp/}}},
  printedkey =       {CK22}
}
@phdthesis{ gareth-thesis,
  author =           {Evans, G. A.},
  title =            {Noncommutative Involutive Bases},
  school =           {University of Wales, Bangor},
  year =             {2005},
  note =             {\href         {https://arxiv.org/pdf/math/0602140.pdf}
                      {\texttt{https://arxiv.org/}\discretionary
                      {}{}{}\texttt{pdf/}\discretionary
                      {}{}{}\texttt{math/}\discretionary
                      {}{}{}\texttt{0602140.pdf}}},
  printedkey =       {Eva05}
}
@inproceedings{ Beaumont,
  author =           {Evans, G. A.},
  editor =           {Trann, Q.\texttt{\symbol{45}}N.},
  booktitle =        {Proc. Int. Conf. Applications of Computer Algebra},
  title =            {Noncommutative Involutive Bases},
  publisher =        {Beaumont, Texas, USA},
  year =             {2004},
  pages =            {49\texttt{\symbol{45}}\texttt{\symbol{45}}64},
  printedkey =       {Eva04}
}
@article{ EW-JSC,
  author =           {Evans, G. A. and Wensley, C. D.},
  title =            {Complete involutive rewriting systems},
  journal =          {Symbolic Comput.},
  volume =           {42},
  year =             {2007},
  pages =            {1034\texttt{\symbol{45}}\texttt{\symbol{45}}1051},
  printedkey =       {EW07}
}
